%Refereringar i i texten refereras via \cite. Tillexempel  \cite{einstein} för att referera till Albert Einsteins artikel.
%
%En referenslista kan enkelt skapas tillsammans med Bibliotekets sökverktyg och EndNote Web(http://www.myendnoteweb.com/) som klarar av att exportera till formatet BibText som du ser nedan.

@article{einstein,
  author =       "Albert Einstein",
  title =        "{Zur Elektrodynamik bewegter K{\"o}rper}. ({German})
                 [{On} the electrodynamics of moving bodies]",
  journal =      "Annalen der Physik",
  volume =       "322",
  number =       "10",
  pages =        "891--921",
  year =         "1905",
  DOI =          "http://dx.doi.org/10.1002/andp.19053221004"
}

@book{latexcompanion,
    author    = "Michel Goossens and Frank Mittelbach and Alexander Samarin",
    title     = "The \LaTeX\ Companion",
    year      = "1993",
    publisher = "Addison-Wesley",
    address   = "Reading, Massachusetts"
}
 
@online{knuthwebsite,
    author    = "Donald Knuth",
    title     = "Knuth: Computers and Typesetting",
    url       = "http://www-cs-faculty.stanford.edu/~uno/abcde.html"
}
